@article{lloyd2005superspreading,
  title={Superspreading and the effect of individual variation on disease emergence},
  author={Lloyd-Smith, James O and Schreiber, Sebastian J and Kopp, P Ekkehard and Getz, Wayne M},
  journal={Nature},
  volume={438},
  number={7066},
  pages={355--359},
  year={2005},
  publisher={Nature Publishing Group UK London}
}

@article{kirkegaard2021superspreading,
  title={Superspreading quantified from bursty epidemic trajectories},
  author={Kirkegaard, Julius B and Sneppen, Kim},
  journal={Scientific Reports},
  volume={11},
  number={1},
  pages={24124},
  year={2021},
  publisher={Nature Publishing Group UK London}
}

@article{sun2021transmission,
  title={Transmission heterogeneities, kinetics, and controllability of SARS-CoV-2},
  author={Sun, Kaiyuan and Wang, Wei and Gao, Lidong and Wang, Yan and Luo, Kaiwei and Ren, Lingshuang and Zhan, Zhifei and Chen, Xinghui and Zhao, Shanlu and Huang, Yiwei and others},
  journal={Science},
  volume={371},
  number={6526},
  pages={eabe2424},
  year={2021},
  publisher={American Association for the Advancement of Science}
}

@article{guo2023statistical,
  title={A statistical framework for tracking the time-varying superspreading potential of COVID-19 epidemic},
  author={Guo, Zihao and Zhao, Shi and Lee, Shui Shan and Hung, Chi Tim and Wong, Ngai Sze and Chow, Tsz Yu and Yam, Carrie Ho Kwan and Wang, Maggie Haitian and Wang, Jingxuan and Chong, Ka Chun and others},
  journal={Epidemics},
  volume={42},
  pages={100670},
  year={2023},
  publisher={Elsevier}
}

@article{ko2023time,
  title={Time-varying overdispersion of SARS-CoV-2 transmission during the periods when different variants of concern were circulating in Japan},
  author={Ko, Yura K and Furuse, Yuki and Otani, Kanako and Yamauchi, Masato and Ninomiya, Kota and Saito, Mayuko and Imamura, Takeaki and Cook, Alex R and Ahiko, Tadayuki and Fujii, Shunji and others},
  journal={Scientific Reports},
  volume={13},
  number={1},
  pages={13230},
  year={2023},
  publisher={Nature Publishing Group UK London}
}

@article{kretzschmar2020impact,
  title={Impact of delays on effectiveness of contact tracing strategies for COVID-19: a modelling study},
  author={Kretzschmar, Mirjam E and Rozhnova, Ganna and Bootsma, Martin CJ and van Boven, Michiel and van de Wijgert, Janneke HHM and Bonten, Marc JM},
  journal={The Lancet Public Health},
  volume={5},
  number={8},
  pages={e452--e459},
  year={2020},
  publisher={Elsevier}
}
